@misc{conda_forge_community_2015_4774216,
    author = {Conda-forge Community},
    title = {{The conda-forge Project: Community-based Software
 Distribution Built on the conda Package Format and
 Ecosystem}},
    month = jul,
    year = 2015,
    publisher = {Zenodo},
    doi = {10.5281/zenodo.4774216},
    url = {https://doi.org/10.5281/zenodo.4774216}
}

@misc{wandb,
    title = {Experiment Tracking with Weights and Biases},
    year = {2020},
    note = {Software available from wandb.com},
    url = {https://www.wandb.com/},
    author = {Biewald, Lukas},
}

@software{reback2020pandas,
    author       = {The pandas development team},
    title        = {pandas-dev/pandas: Pandas},
    month        = feb,
    year         = 2020,
    publisher    = {Zenodo},
    version      = {latest},
    doi          = {10.5281/zenodo.3509134},
    url          = {https://doi.org/10.5281/zenodo.3509134}
}